<?xml version="1.0" encoding="UTF-8"?><record xmlns="http://www.loc.gov/MARC21/slim" xmlns:cinclude="http://apache.org/cocoon/include/1.0" xmlns:zs="http://www.loc.gov/zing/srw/">
  <leader>00460cz  a2200145n  4500</leader>
  <controlfield tag="001">no 95049923 </controlfield>
  <controlfield tag="003">DLC</controlfield>
  <controlfield tag="005">20131212073726.0</controlfield>
  <controlfield tag="008">951019n| azannaabn          |a ana     c</controlfield>
  <datafield tag="010" ind1=" " ind2=" ">
    <subfield code="a">no 95049923 </subfield>
  </datafield>
  <datafield tag="035" ind1=" " ind2=" ">
    <subfield code="a">(OCoLC)oca03941473</subfield>
  </datafield>
  <datafield tag="040" ind1=" " ind2=" ">
    <subfield code="a">TxU</subfield>
    <subfield code="b">eng</subfield>
    <subfield code="e">rda</subfield>
    <subfield code="c">TxU</subfield>
    <subfield code="d">FU</subfield>
  </datafield>
  <datafield tag="110" ind1="2" ind2=" ">
    <subfield code="a">União de Radiodifusão Católica do Brasil</subfield>
  </datafield>
  <datafield tag="410" ind1="2" ind2=" ">
    <subfield code="a">UNDA/BR</subfield>
  </datafield>
  <datafield tag="670" ind1=" " ind2=" ">
    <subfield code="a">UCBC-UNDA/BR, dez. de 1994:</subfield>
    <subfield code="b">t.p. (União de Radiodifusão Católica do Brasil; UNDA/BR; São Paulo)</subfield>
  </datafield>
</record>